%YAML 1.1
%TAG !u! tag:unity3d.com,2011:
--- !u!29 &1
OcclusionCullingSettings:
  m_ObjectHideFlags: 0
  serializedVersion: 2
  m_OcclusionBakeSettings:
    smallestOccluder: 5
    smallestHole: 0.25
    backfaceThreshold: 100
  m_SceneGUID: 00000000000000000000000000000000
  m_OcclusionCullingData: {fileID: 0}
--- !u!104 &2
RenderSettings:
  m_ObjectHideFlags: 0
  serializedVersion: 9
  m_Fog: 0
  m_FogColor: {r: 0.5, g: 0.5, b: 0.5, a: 1}
  m_FogMode: 3
  m_FogDensity: 0.01
  m_LinearFogStart: 0
  m_LinearFogEnd: 300
  m_AmbientSkyColor: {r: 0.212, g: 0.227, b: 0.259, a: 1}
  m_AmbientEquatorColor: {r: 0.114, g: 0.125, b: 0.133, a: 1}
  m_AmbientGroundColor: {r: 0.047, g: 0.043, b: 0.035, a: 1}
  m_AmbientIntensity: 1
  m_AmbientMode: 0
  m_SubtractiveShadowColor: {r: 0.42, g: 0.478, b: 0.627, a: 1}
  m_SkyboxMaterial: {fileID: 10304, guid: 0000000000000000f000000000000000, type: 0}
  m_HaloStrength: 0.5
  m_FlareStrength: 1
  m_FlareFadeSpeed: 3
  m_HaloTexture: {fileID: 0}
  m_SpotCookie: {fileID: 10001, guid: 0000000000000000e000000000000000, type: 0}
  m_DefaultReflectionMode: 0
  m_DefaultReflectionResolution: 128
  m_ReflectionBounces: 1
  m_ReflectionIntensity: 1
  m_CustomReflection: {fileID: 0}
  m_Sun: {fileID: 0}
  m_IndirectSpecularColor: {r: 0.18028377, g: 0.22571409, b: 0.30692285, a: 1}
  m_UseRadianceAmbientProbe: 0
--- !u!157 &3
LightmapSettings:
  m_ObjectHideFlags: 0
  serializedVersion: 12
  m_GIWorkflowMode: 0
  m_GISettings:
    serializedVersion: 2
    m_BounceScale: 1
    m_IndirectOutputScale: 1
    m_AlbedoBoost: 1
    m_EnvironmentLightingMode: 0
    m_EnableBakedLightmaps: 1
    m_EnableRealtimeLightmaps: 1
  m_LightmapEditorSettings:
    serializedVersion: 12
    m_Resolution: 2
    m_BakeResolution: 40
    m_AtlasSize: 1024
    m_AO: 0
    m_AOMaxDistance: 1
    m_CompAOExponent: 0
    m_CompAOExponentDirect: 0
    m_ExtractAmbientOcclusion: 0
    m_Padding: 2
    m_LightmapParameters: {fileID: 0}
    m_LightmapsBakeMode: 1
    m_TextureCompression: 1
    m_FinalGather: 0
    m_FinalGatherFiltering: 1
    m_FinalGatherRayCount: 1024
    m_ReflectionCompression: 2
    m_MixedBakeMode: 1
    m_BakeBackend: 0
    m_PVRSampling: 1
    m_PVRDirectSampleCount: 32
    m_PVRSampleCount: 512
    m_PVRBounces: 2
    m_PVREnvironmentSampleCount: 512
    m_PVREnvironmentReferencePointCount: 2048
    m_PVRFilteringMode: 0
    m_PVRDenoiserTypeDirect: 0
    m_PVRDenoiserTypeIndirect: 0
    m_PVRDenoiserTypeAO: 0
    m_PVRFilterTypeDirect: 0
    m_PVRFilterTypeIndirect: 0
    m_PVRFilterTypeAO: 0
    m_PVREnvironmentMIS: 0
    m_PVRCulling: 1
    m_PVRFilteringGaussRadiusDirect: 1
    m_PVRFilteringGaussRadiusIndirect: 5
    m_PVRFilteringGaussRadiusAO: 2
    m_PVRFilteringAtrousPositionSigmaDirect: 0.5
    m_PVRFilteringAtrousPositionSigmaIndirect: 2
    m_PVRFilteringAtrousPositionSigmaAO: 1
    m_ExportTrainingData: 0
    m_TrainingDataDestination: TrainingData
    m_LightProbeSampleCountMultiplier: 4
  m_LightingDataAsset: {fileID: 0}
  m_LightingSettings: {fileID: 4890085278179872738, guid: e6f1ee9435c51ca4a81bc74296f5258c,
    type: 2}
--- !u!196 &4
NavMeshSettings:
  serializedVersion: 2
  m_ObjectHideFlags: 0
  m_BuildSettings:
    serializedVersion: 2
    agentTypeID: 0
    agentRadius: 0.5
    agentHeight: 2
    agentSlope: 45
    agentClimb: 0.4
    ledgeDropHeight: 0
    maxJumpAcrossDistance: 0
    minRegionArea: 2
    manualCellSize: 0
    cellSize: 0.16666667
    manualTileSize: 0
    tileSize: 256
    accuratePlacement: 0
    maxJobWorkers: 0
    preserveTilesOutsideBounds: 0
    debug:
      m_Flags: 0
  m_NavMeshData: {fileID: 0}
--- !u!1 &65397099
GameObject:
  m_ObjectHideFlags: 0
  m_CorrespondingSourceObject: {fileID: 0}
  m_PrefabInstance: {fileID: 0}
  m_PrefabAsset: {fileID: 0}
  serializedVersion: 6
  m_Component:
  - component: {fileID: 65397103}
  - component: {fileID: 65397102}
  - component: {fileID: 65397101}
  - component: {fileID: 65397100}
  m_Layer: 0
  m_Name: ground
  m_TagString: Untagged
  m_Icon: {fileID: 0}
  m_NavMeshLayer: 0
  m_StaticEditorFlags: 0
  m_IsActive: 1
--- !u!23 &65397100
MeshRenderer:
  m_ObjectHideFlags: 0
  m_CorrespondingSourceObject: {fileID: 0}
  m_PrefabInstance: {fileID: 0}
  m_PrefabAsset: {fileID: 0}
  m_GameObject: {fileID: 65397099}
  m_Enabled: 1
  m_CastShadows: 1
  m_ReceiveShadows: 1
  m_DynamicOccludee: 1
  m_MotionVectors: 1
  m_LightProbeUsage: 1
  m_ReflectionProbeUsage: 0
  m_RayTracingMode: 2
  m_RayTraceProcedural: 0
  m_RenderingLayerMask: 1
  m_RendererPriority: 0
  m_Materials:
  - {fileID: 2100000, guid: fe53282536bf8401c94dd84686d3cdca, type: 2}
  m_StaticBatchInfo:
    firstSubMesh: 0
    subMeshCount: 0
  m_StaticBatchRoot: {fileID: 0}
  m_ProbeAnchor: {fileID: 0}
  m_LightProbeVolumeOverride: {fileID: 0}
  m_ScaleInLightmap: 1
  m_ReceiveGI: 1
  m_PreserveUVs: 1
  m_IgnoreNormalsForChartDetection: 0
  m_ImportantGI: 0
  m_StitchLightmapSeams: 1
  m_SelectedEditorRenderState: 3
  m_MinimumChartSize: 4
  m_AutoUVMaxDistance: 0.5
  m_AutoUVMaxAngle: 89
  m_LightmapParameters: {fileID: 0}
  m_SortingLayerID: 0
  m_SortingLayer: 0
  m_SortingOrder: 0
  m_AdditionalVertexStreams: {fileID: 0}
--- !u!64 &65397101
MeshCollider:
  m_ObjectHideFlags: 0
  m_CorrespondingSourceObject: {fileID: 0}
  m_PrefabInstance: {fileID: 0}
  m_PrefabAsset: {fileID: 0}
  m_GameObject: {fileID: 65397099}
  m_Material: {fileID: 13400000, guid: f5b56dc02baac4a37aaafce8de3c6281, type: 2}
  m_IsTrigger: 0
  m_Enabled: 1
  serializedVersion: 4
  m_Convex: 0
  m_CookingOptions: 30
  m_Mesh: {fileID: 10209, guid: 0000000000000000e000000000000000, type: 0}
--- !u!33 &65397102
MeshFilter:
  m_ObjectHideFlags: 0
  m_CorrespondingSourceObject: {fileID: 0}
  m_PrefabInstance: {fileID: 0}
  m_PrefabAsset: {fileID: 0}
  m_GameObject: {fileID: 65397099}
  m_Mesh: {fileID: 10209, guid: 0000000000000000e000000000000000, type: 0}
--- !u!4 &65397103
Transform:
  m_ObjectHideFlags: 0
  m_CorrespondingSourceObject: {fileID: 0}
  m_PrefabInstance: {fileID: 0}
  m_PrefabAsset: {fileID: 0}
  m_GameObject: {fileID: 65397099}
  m_LocalRotation: {x: 0, y: 0, z: 0, w: 1}
  m_LocalPosition: {x: 0, y: 0, z: 0}
  m_LocalScale: {x: 10, y: 1, z: 10}
  m_Children: []
  m_Father: {fileID: 268520939}
  m_RootOrder: 0
  m_LocalEulerAnglesHint: {x: 0, y: 0, z: 0}
--- !u!4 &96233936 stripped
Transform:
  m_CorrespondingSourceObject: {fileID: 4904449235768550, guid: 36cf44945894a42b1b4bafded6927710,
    type: 3}
  m_PrefabInstance: {fileID: 1824999870}
  m_PrefabAsset: {fileID: 0}
--- !u!4 &117213813 stripped
Transform:
  m_CorrespondingSourceObject: {fileID: 435162, guid: ea911c9094df84f7a9ded4a6dea5099f,
    type: 3}
  m_PrefabInstance: {fileID: 1887918140}
  m_PrefabAsset: {fileID: 0}
--- !u!1 &239880917
GameObject:
  m_ObjectHideFlags: 0
  m_CorrespondingSourceObject: {fileID: 0}
  m_PrefabInstance: {fileID: 0}
  m_PrefabAsset: {fileID: 0}
  serializedVersion: 6
  m_Component:
  - component: {fileID: 239880922}
  - component: {fileID: 239880921}
  - component: {fileID: 239880920}
  - component: {fileID: 239880918}
  - component: {fileID: 239880923}
  m_Layer: 0
  m_Name: MainCamera
  m_TagString: MainCamera
  m_Icon: {fileID: 0}
  m_NavMeshLayer: 0
  m_StaticEditorFlags: 0
  m_IsActive: 1
--- !u!81 &239880918
AudioListener:
  m_ObjectHideFlags: 0
  m_CorrespondingSourceObject: {fileID: 0}
  m_PrefabInstance: {fileID: 0}
  m_PrefabAsset: {fileID: 0}
  m_GameObject: {fileID: 239880917}
  m_Enabled: 1
--- !u!124 &239880920
Behaviour:
  m_ObjectHideFlags: 0
  m_CorrespondingSourceObject: {fileID: 0}
  m_PrefabInstance: {fileID: 0}
  m_PrefabAsset: {fileID: 0}
  m_GameObject: {fileID: 239880917}
  m_Enabled: 1
--- !u!20 &239880921
Camera:
  m_ObjectHideFlags: 0
  m_CorrespondingSourceObject: {fileID: 0}
  m_PrefabInstance: {fileID: 0}
  m_PrefabAsset: {fileID: 0}
  m_GameObject: {fileID: 239880917}
  m_Enabled: 1
  serializedVersion: 2
  m_ClearFlags: 2
  m_BackGroundColor: {r: 0.19215687, g: 0.3019608, b: 0.4745098, a: 0.019607844}
  m_projectionMatrixMode: 1
  m_GateFitMode: 2
  m_FOVAxisMode: 0
  m_SensorSize: {x: 36, y: 24}
  m_LensShift: {x: 0, y: 0}
  m_FocalLength: 50
  m_NormalizedViewPortRect:
    serializedVersion: 2
    x: 0
    y: 0
    width: 1
    height: 1
  near clip plane: 0.3
  far clip plane: 1000
  field of view: 60
  orthographic: 0
  orthographic size: 5
  m_Depth: 0
  m_CullingMask:
    serializedVersion: 2
    m_Bits: 4294967295
  m_RenderingPath: -1
  m_TargetTexture: {fileID: 0}
  m_TargetDisplay: 0
  m_TargetEye: 3
  m_HDR: 0
  m_AllowMSAA: 1
  m_AllowDynamicResolution: 0
  m_ForceIntoRT: 0
  m_OcclusionCulling: 1
  m_StereoConvergence: 10
  m_StereoSeparation: 0.022
--- !u!4 &239880922
Transform:
  m_ObjectHideFlags: 0
  m_CorrespondingSourceObject: {fileID: 0}
  m_PrefabInstance: {fileID: 0}
  m_PrefabAsset: {fileID: 0}
  m_GameObject: {fileID: 239880917}
  m_LocalRotation: {x: 0.15169214, y: 0, z: 0, w: 0.9884278}
  m_LocalPosition: {x: 27.3, y: 20, z: -41}
  m_LocalScale: {x: 1, y: 1, z: 1}
  m_Children: []
  m_Father: {fileID: 0}
  m_RootOrder: 3
  m_LocalEulerAnglesHint: {x: 0, y: 0, z: 0}
--- !u!114 &239880923
MonoBehaviour:
  m_ObjectHideFlags: 0
  m_CorrespondingSourceObject: {fileID: 0}
  m_PrefabInstance: {fileID: 0}
  m_PrefabAsset: {fileID: 0}
  m_GameObject: {fileID: 239880917}
  m_Enabled: 1
  m_EditorHideFlags: 0
  m_Script: {fileID: 11500000, guid: f76806479d916a64aa03f8e3eba7912f, type: 3}
  m_Name: 
  m_EditorClassIdentifier: 
  target: {fileID: 1797631068}
  distance: 15
  height: 5
  rotationDamping: 3
  heightDamping: 3
--- !u!1 &268520938
GameObject:
  m_ObjectHideFlags: 0
  m_CorrespondingSourceObject: {fileID: 0}
  m_PrefabInstance: {fileID: 0}
  m_PrefabAsset: {fileID: 0}
  serializedVersion: 6
  m_Component:
  - component: {fileID: 268520939}
  m_Layer: 0
  m_Name: environment
  m_TagString: Untagged
  m_Icon: {fileID: 0}
  m_NavMeshLayer: 0
  m_StaticEditorFlags: 0
  m_IsActive: 1
--- !u!4 &268520939
Transform:
  m_ObjectHideFlags: 0
  m_CorrespondingSourceObject: {fileID: 0}
  m_PrefabInstance: {fileID: 0}
  m_PrefabAsset: {fileID: 0}
  m_GameObject: {fileID: 268520938}
  m_LocalRotation: {x: 0, y: 0, z: 0, w: 1}
  m_LocalPosition: {x: 0, y: 0, z: 0}
  m_LocalScale: {x: 1, y: 1, z: 1}
  m_Children:
  - {fileID: 65397103}
  m_Father: {fileID: 0}
  m_RootOrder: 5
  m_LocalEulerAnglesHint: {x: 0, y: 0, z: 0}
--- !u!1001 &377625499
PrefabInstance:
  m_ObjectHideFlags: 0
  serializedVersion: 2
  m_Modification:
    m_TransformParent: {fileID: 0}
    m_Modifications:
    - target: {fileID: 400000, guid: 851d11542d51c464e89acf6875599172, type: 3}
      propertyPath: m_RootOrder
      value: 1
      objectReference: {fileID: 0}
    - target: {fileID: 400000, guid: 851d11542d51c464e89acf6875599172, type: 3}
      propertyPath: m_LocalPosition.x
      value: -50
      objectReference: {fileID: 0}
    - target: {fileID: 400000, guid: 851d11542d51c464e89acf6875599172, type: 3}
      propertyPath: m_LocalPosition.y
      value: 40
      objectReference: {fileID: 0}
    - target: {fileID: 400000, guid: 851d11542d51c464e89acf6875599172, type: 3}
      propertyPath: m_LocalPosition.z
      value: 50
      objectReference: {fileID: 0}
    - target: {fileID: 400000, guid: 851d11542d51c464e89acf6875599172, type: 3}
      propertyPath: m_LocalRotation.w
      value: 1
      objectReference: {fileID: 0}
    - target: {fileID: 400000, guid: 851d11542d51c464e89acf6875599172, type: 3}
      propertyPath: m_LocalRotation.x
      value: 0
      objectReference: {fileID: 0}
    - target: {fileID: 400000, guid: 851d11542d51c464e89acf6875599172, type: 3}
      propertyPath: m_LocalRotation.y
      value: 0
      objectReference: {fileID: 0}
    - target: {fileID: 400000, guid: 851d11542d51c464e89acf6875599172, type: 3}
      propertyPath: m_LocalRotation.z
      value: 0
      objectReference: {fileID: 0}
    - target: {fileID: 2000000, guid: 851d11542d51c464e89acf6875599172, type: 3}
      propertyPath: m_ClearFlags
      value: 2
      objectReference: {fileID: 0}
    - target: {fileID: 11400000, guid: 851d11542d51c464e89acf6875599172, type: 3}
      propertyPath: m_Target
      value: 
      objectReference: {fileID: 117213813}
    m_RemovedComponents: []
  m_SourcePrefab: {fileID: 100100000, guid: 851d11542d51c464e89acf6875599172, type: 3}
--- !u!4 &464056469 stripped
Transform:
  m_CorrespondingSourceObject: {fileID: 4904449235768550, guid: 36cf44945894a42b1b4bafded6927710,
    type: 3}
  m_PrefabInstance: {fileID: 1713796454}
  m_PrefabAsset: {fileID: 0}
--- !u!1 &545423389
GameObject:
  m_ObjectHideFlags: 0
  m_CorrespondingSourceObject: {fileID: 0}
  m_PrefabInstance: {fileID: 0}
  m_PrefabAsset: {fileID: 0}
  serializedVersion: 6
  m_Component:
  - component: {fileID: 545423391}
  - component: {fileID: 545423390}
  m_Layer: 0
  m_Name: Directional Light
  m_TagString: Untagged
  m_Icon: {fileID: 0}
  m_NavMeshLayer: 0
  m_StaticEditorFlags: 0
  m_IsActive: 1
--- !u!108 &545423390
Light:
  m_ObjectHideFlags: 0
  m_CorrespondingSourceObject: {fileID: 0}
  m_PrefabInstance: {fileID: 0}
  m_PrefabAsset: {fileID: 0}
  m_GameObject: {fileID: 545423389}
  m_Enabled: 1
  serializedVersion: 10
  m_Type: 1
  m_Shape: 0
  m_Color: {r: 1, g: 0.95686275, b: 0.8392157, a: 1}
  m_Intensity: 1
  m_Range: 10
  m_SpotAngle: 30
  m_InnerSpotAngle: 21.80208
  m_CookieSize: 10
  m_Shadows:
    m_Type: 2
    m_Resolution: -1
    m_CustomResolution: -1
    m_Strength: 1
    m_Bias: 0.05
    m_NormalBias: 0.4
    m_NearPlane: 0.2
    m_CullingMatrixOverride:
      e00: 1
      e01: 0
      e02: 0
      e03: 0
      e10: 0
      e11: 1
      e12: 0
      e13: 0
      e20: 0
      e21: 0
      e22: 1
      e23: 0
      e30: 0
      e31: 0
      e32: 0
      e33: 1
    m_UseCullingMatrixOverride: 0
  m_Cookie: {fileID: 0}
  m_DrawHalo: 0
  m_Flare: {fileID: 0}
  m_RenderMode: 0
  m_CullingMask:
    serializedVersion: 2
    m_Bits: 4294967295
  m_RenderingLayerMask: 1
  m_Lightmapping: 4
  m_LightShadowCasterMode: 0
  m_AreaSize: {x: 1, y: 1}
  m_BounceIntensity: 1
  m_ColorTemperature: 6570
  m_UseColorTemperature: 0
  m_BoundingSphereOverride: {x: 0, y: 0, z: 0, w: 0}
  m_UseBoundingSphereOverride: 0
  m_UseViewFrustumForShadowCasterCull: 1
  m_ShadowRadius: 0
  m_ShadowAngle: 0
--- !u!4 &545423391
Transform:
  m_ObjectHideFlags: 0
  m_CorrespondingSourceObject: {fileID: 0}
  m_PrefabInstance: {fileID: 0}
  m_PrefabAsset: {fileID: 0}
  m_GameObject: {fileID: 545423389}
  m_LocalRotation: {x: 0.40821794, y: -0.23456973, z: 0.109381676, w: 0.87542605}
  m_LocalPosition: {x: 20.5, y: 18.9, z: -3.6}
  m_LocalScale: {x: 1, y: 1, z: 1}
  m_Children: []
  m_Father: {fileID: 0}
  m_RootOrder: 4
  m_LocalEulerAnglesHint: {x: 0, y: 0, z: 0}
--- !u!4 &598097870 stripped
Transform:
  m_CorrespondingSourceObject: {fileID: 4904449235768550, guid: 36cf44945894a42b1b4bafded6927710,
    type: 3}
  m_PrefabInstance: {fileID: 1442310882}
  m_PrefabAsset: {fileID: 0}
--- !u!1001 &621924711
PrefabInstance:
  m_ObjectHideFlags: 0
  serializedVersion: 2
  m_Modification:
    m_TransformParent: {fileID: 692763369}
    m_Modifications:
    - target: {fileID: 1225700871072202, guid: 36cf44945894a42b1b4bafded6927710, type: 3}
      propertyPath: m_Name
      value: pickUp (3)
      objectReference: {fileID: 0}
    - target: {fileID: 4904449235768550, guid: 36cf44945894a42b1b4bafded6927710, type: 3}
      propertyPath: m_RootOrder
      value: 3
      objectReference: {fileID: 0}
    - target: {fileID: 4904449235768550, guid: 36cf44945894a42b1b4bafded6927710, type: 3}
      propertyPath: m_LocalPosition.x
      value: 0
      objectReference: {fileID: 0}
    - target: {fileID: 4904449235768550, guid: 36cf44945894a42b1b4bafded6927710, type: 3}
      propertyPath: m_LocalPosition.y
      value: 1
      objectReference: {fileID: 0}
    - target: {fileID: 4904449235768550, guid: 36cf44945894a42b1b4bafded6927710, type: 3}
      propertyPath: m_LocalPosition.z
      value: -40
      objectReference: {fileID: 0}
    - target: {fileID: 4904449235768550, guid: 36cf44945894a42b1b4bafded6927710, type: 3}
      propertyPath: m_LocalRotation.w
      value: 1
      objectReference: {fileID: 0}
    - target: {fileID: 4904449235768550, guid: 36cf44945894a42b1b4bafded6927710, type: 3}
      propertyPath: m_LocalRotation.x
      value: -0
      objectReference: {fileID: 0}
    - target: {fileID: 4904449235768550, guid: 36cf44945894a42b1b4bafded6927710, type: 3}
      propertyPath: m_LocalRotation.y
      value: -0
      objectReference: {fileID: 0}
    - target: {fileID: 4904449235768550, guid: 36cf44945894a42b1b4bafded6927710, type: 3}
      propertyPath: m_LocalRotation.z
      value: -0
      objectReference: {fileID: 0}
    m_RemovedComponents: []
  m_SourcePrefab: {fileID: 100100000, guid: 36cf44945894a42b1b4bafded6927710, type: 3}
--- !u!1 &692763368
GameObject:
  m_ObjectHideFlags: 0
  m_CorrespondingSourceObject: {fileID: 0}
  m_PrefabInstance: {fileID: 0}
  m_PrefabAsset: {fileID: 0}
  serializedVersion: 6
  m_Component:
  - component: {fileID: 692763369}
  m_Layer: 0
  m_Name: pickups
  m_TagString: Untagged
  m_Icon: {fileID: 0}
  m_NavMeshLayer: 0
  m_StaticEditorFlags: 0
  m_IsActive: 1
--- !u!4 &692763369
Transform:
  m_ObjectHideFlags: 0
  m_CorrespondingSourceObject: {fileID: 0}
  m_PrefabInstance: {fileID: 0}
  m_PrefabAsset: {fileID: 0}
  m_GameObject: {fileID: 692763368}
  m_LocalRotation: {x: 0, y: 0, z: 0, w: 1}
  m_LocalPosition: {x: 0, y: 0, z: 0}
  m_LocalScale: {x: 1, y: 1, z: 1}
  m_Children:
  - {fileID: 1740844582}
  - {fileID: 844299020}
  - {fileID: 96233936}
  - {fileID: 1259091985}
  - {fileID: 598097870}
  - {fileID: 464056469}
  - {fileID: 1186588481}
  - {fileID: 2041282497}
  m_Father: {fileID: 0}
  m_RootOrder: 6
  m_LocalEulerAnglesHint: {x: 0, y: 0, z: 0}
--- !u!1001 &734269639
PrefabInstance:
  m_ObjectHideFlags: 0
  serializedVersion: 2
  m_Modification:
    m_TransformParent: {fileID: 0}
    m_Modifications:
    - target: {fileID: 224707906187143892, guid: ca590a19df69742a18720f69dee153f0,
        type: 3}
      propertyPath: m_Pivot.x
      value: 0
      objectReference: {fileID: 0}
    - target: {fileID: 224707906187143892, guid: ca590a19df69742a18720f69dee153f0,
        type: 3}
      propertyPath: m_Pivot.y
      value: 0
      objectReference: {fileID: 0}
    - target: {fileID: 224707906187143892, guid: ca590a19df69742a18720f69dee153f0,
        type: 3}
      propertyPath: m_RootOrder
      value: 7
      objectReference: {fileID: 0}
    - target: {fileID: 224707906187143892, guid: ca590a19df69742a18720f69dee153f0,
        type: 3}
      propertyPath: m_AnchorMax.x
      value: 0
      objectReference: {fileID: 0}
    - target: {fileID: 224707906187143892, guid: ca590a19df69742a18720f69dee153f0,
        type: 3}
      propertyPath: m_AnchorMax.y
      value: 0
      objectReference: {fileID: 0}
    - target: {fileID: 224707906187143892, guid: ca590a19df69742a18720f69dee153f0,
        type: 3}
      propertyPath: m_AnchorMin.x
      value: 0
      objectReference: {fileID: 0}
    - target: {fileID: 224707906187143892, guid: ca590a19df69742a18720f69dee153f0,
        type: 3}
      propertyPath: m_AnchorMin.y
      value: 0
      objectReference: {fileID: 0}
    - target: {fileID: 224707906187143892, guid: ca590a19df69742a18720f69dee153f0,
        type: 3}
      propertyPath: m_SizeDelta.x
      value: 0
      objectReference: {fileID: 0}
    - target: {fileID: 224707906187143892, guid: ca590a19df69742a18720f69dee153f0,
        type: 3}
      propertyPath: m_SizeDelta.y
      value: 0
      objectReference: {fileID: 0}
    - target: {fileID: 224707906187143892, guid: ca590a19df69742a18720f69dee153f0,
        type: 3}
      propertyPath: m_LocalPosition.x
      value: 0
      objectReference: {fileID: 0}
    - target: {fileID: 224707906187143892, guid: ca590a19df69742a18720f69dee153f0,
        type: 3}
      propertyPath: m_LocalPosition.y
      value: 0
      objectReference: {fileID: 0}
    - target: {fileID: 224707906187143892, guid: ca590a19df69742a18720f69dee153f0,
        type: 3}
      propertyPath: m_LocalPosition.z
      value: 0
      objectReference: {fileID: 0}
    - target: {fileID: 224707906187143892, guid: ca590a19df69742a18720f69dee153f0,
        type: 3}
      propertyPath: m_LocalRotation.w
      value: 1
      objectReference: {fileID: 0}
    - target: {fileID: 224707906187143892, guid: ca590a19df69742a18720f69dee153f0,
        type: 3}
      propertyPath: m_LocalRotation.x
      value: 0
      objectReference: {fileID: 0}
    - target: {fileID: 224707906187143892, guid: ca590a19df69742a18720f69dee153f0,
        type: 3}
      propertyPath: m_LocalRotation.y
      value: 0
      objectReference: {fileID: 0}
    - target: {fileID: 224707906187143892, guid: ca590a19df69742a18720f69dee153f0,
        type: 3}
      propertyPath: m_LocalRotation.z
      value: 0
      objectReference: {fileID: 0}
    - target: {fileID: 224707906187143892, guid: ca590a19df69742a18720f69dee153f0,
        type: 3}
      propertyPath: m_AnchoredPosition.x
      value: 0
      objectReference: {fileID: 0}
    - target: {fileID: 224707906187143892, guid: ca590a19df69742a18720f69dee153f0,
        type: 3}
      propertyPath: m_AnchoredPosition.y
      value: 0
      objectReference: {fileID: 0}
    m_RemovedComponents: []
  m_SourcePrefab: {fileID: 100100000, guid: ca590a19df69742a18720f69dee153f0, type: 3}
--- !u!4 &844299020 stripped
Transform:
  m_CorrespondingSourceObject: {fileID: 4904449235768550, guid: 36cf44945894a42b1b4bafded6927710,
    type: 3}
  m_PrefabInstance: {fileID: 1243032801}
  m_PrefabAsset: {fileID: 0}
--- !u!1001 &920743423
PrefabInstance:
  m_ObjectHideFlags: 0
  serializedVersion: 2
  m_Modification:
    m_TransformParent: {fileID: 692763369}
    m_Modifications:
    - target: {fileID: 4904449235768550, guid: 36cf44945894a42b1b4bafded6927710, type: 3}
      propertyPath: m_RootOrder
      value: 0
      objectReference: {fileID: 0}
    - target: {fileID: 4904449235768550, guid: 36cf44945894a42b1b4bafded6927710, type: 3}
      propertyPath: m_LocalPosition.x
      value: -40
      objectReference: {fileID: 0}
    - target: {fileID: 4904449235768550, guid: 36cf44945894a42b1b4bafded6927710, type: 3}
      propertyPath: m_LocalPosition.y
      value: 1
      objectReference: {fileID: 0}
    - target: {fileID: 4904449235768550, guid: 36cf44945894a42b1b4bafded6927710, type: 3}
      propertyPath: m_LocalPosition.z
      value: 0
      objectReference: {fileID: 0}
    - target: {fileID: 4904449235768550, guid: 36cf44945894a42b1b4bafded6927710, type: 3}
      propertyPath: m_LocalRotation.w
      value: 1
      objectReference: {fileID: 0}
    - target: {fileID: 4904449235768550, guid: 36cf44945894a42b1b4bafded6927710, type: 3}
      propertyPath: m_LocalRotation.x
      value: -0
      objectReference: {fileID: 0}
    - target: {fileID: 4904449235768550, guid: 36cf44945894a42b1b4bafded6927710, type: 3}
      propertyPath: m_LocalRotation.y
      value: -0
      objectReference: {fileID: 0}
    - target: {fileID: 4904449235768550, guid: 36cf44945894a42b1b4bafded6927710, type: 3}
      propertyPath: m_LocalRotation.z
      value: -0
      objectReference: {fileID: 0}
    m_RemovedComponents: []
  m_SourcePrefab: {fileID: 100100000, guid: 36cf44945894a42b1b4bafded6927710, type: 3}
--- !u!20 &1085913156 stripped
Camera:
  m_CorrespondingSourceObject: {fileID: 2000000, guid: 851d11542d51c464e89acf6875599172,
    type: 3}
  m_PrefabInstance: {fileID: 377625499}
  m_PrefabAsset: {fileID: 0}
--- !u!1001 &1144886356
PrefabInstance:
  m_ObjectHideFlags: 0
  serializedVersion: 2
  m_Modification:
    m_TransformParent: {fileID: 692763369}
    m_Modifications:
    - target: {fileID: 1225700871072202, guid: 36cf44945894a42b1b4bafded6927710, type: 3}
      propertyPath: m_Name
      value: pickUp (7)
      objectReference: {fileID: 0}
    - target: {fileID: 4904449235768550, guid: 36cf44945894a42b1b4bafded6927710, type: 3}
      propertyPath: m_RootOrder
      value: 7
      objectReference: {fileID: 0}
    - target: {fileID: 4904449235768550, guid: 36cf44945894a42b1b4bafded6927710, type: 3}
      propertyPath: m_LocalPosition.x
      value: 28
      objectReference: {fileID: 0}
    - target: {fileID: 4904449235768550, guid: 36cf44945894a42b1b4bafded6927710, type: 3}
      propertyPath: m_LocalPosition.y
      value: 1
      objectReference: {fileID: 0}
    - target: {fileID: 4904449235768550, guid: 36cf44945894a42b1b4bafded6927710, type: 3}
      propertyPath: m_LocalPosition.z
      value: -28
      objectReference: {fileID: 0}
    - target: {fileID: 4904449235768550, guid: 36cf44945894a42b1b4bafded6927710, type: 3}
      propertyPath: m_LocalRotation.w
      value: 1
      objectReference: {fileID: 0}
    - target: {fileID: 4904449235768550, guid: 36cf44945894a42b1b4bafded6927710, type: 3}
      propertyPath: m_LocalRotation.x
      value: 0
      objectReference: {fileID: 0}
    - target: {fileID: 4904449235768550, guid: 36cf44945894a42b1b4bafded6927710, type: 3}
      propertyPath: m_LocalRotation.y
      value: 0
      objectReference: {fileID: 0}
    - target: {fileID: 4904449235768550, guid: 36cf44945894a42b1b4bafded6927710, type: 3}
      propertyPath: m_LocalRotation.z
      value: 0
      objectReference: {fileID: 0}
    - target: {fileID: 4904449235768550, guid: 36cf44945894a42b1b4bafded6927710, type: 3}
      propertyPath: m_LocalEulerAnglesHint.x
      value: 0
      objectReference: {fileID: 0}
    - target: {fileID: 4904449235768550, guid: 36cf44945894a42b1b4bafded6927710, type: 3}
      propertyPath: m_LocalEulerAnglesHint.y
      value: 0
      objectReference: {fileID: 0}
    m_RemovedComponents: []
  m_SourcePrefab: {fileID: 100100000, guid: 36cf44945894a42b1b4bafded6927710, type: 3}
--- !u!4 &1186588481 stripped
Transform:
  m_CorrespondingSourceObject: {fileID: 4904449235768550, guid: 36cf44945894a42b1b4bafded6927710,
    type: 3}
  m_PrefabInstance: {fileID: 2127516672}
  m_PrefabAsset: {fileID: 0}
--- !u!114 &1199578239 stripped
MonoBehaviour:
  m_CorrespondingSourceObject: {fileID: 114656462934130634, guid: ca590a19df69742a18720f69dee153f0,
    type: 3}
  m_PrefabInstance: {fileID: 734269639}
  m_PrefabAsset: {fileID: 0}
  m_GameObject: {fileID: 0}
  m_Enabled: 1
  m_EditorHideFlags: 0
  m_Script: {fileID: 11500000, guid: 5f7201a12d95ffc409449d95f23cf332, type: 3}
  m_Name: 
  m_EditorClassIdentifier: 
--- !u!1001 &1243032801
PrefabInstance:
  m_ObjectHideFlags: 0
  serializedVersion: 2
  m_Modification:
    m_TransformParent: {fileID: 692763369}
    m_Modifications:
    - target: {fileID: 1225700871072202, guid: 36cf44945894a42b1b4bafded6927710, type: 3}
      propertyPath: m_Name
      value: pickUp (1)
      objectReference: {fileID: 0}
    - target: {fileID: 4904449235768550, guid: 36cf44945894a42b1b4bafded6927710, type: 3}
      propertyPath: m_RootOrder
      value: 1
      objectReference: {fileID: 0}
    - target: {fileID: 4904449235768550, guid: 36cf44945894a42b1b4bafded6927710, type: 3}
      propertyPath: m_LocalPosition.x
      value: 40
      objectReference: {fileID: 0}
    - target: {fileID: 4904449235768550, guid: 36cf44945894a42b1b4bafded6927710, type: 3}
      propertyPath: m_LocalPosition.y
      value: 1
      objectReference: {fileID: 0}
    - target: {fileID: 4904449235768550, guid: 36cf44945894a42b1b4bafded6927710, type: 3}
      propertyPath: m_LocalPosition.z
      value: 0
      objectReference: {fileID: 0}
    - target: {fileID: 4904449235768550, guid: 36cf44945894a42b1b4bafded6927710, type: 3}
      propertyPath: m_LocalRotation.w
      value: 1
      objectReference: {fileID: 0}
    - target: {fileID: 4904449235768550, guid: 36cf44945894a42b1b4bafded6927710, type: 3}
      propertyPath: m_LocalRotation.x
      value: -0
      objectReference: {fileID: 0}
    - target: {fileID: 4904449235768550, guid: 36cf44945894a42b1b4bafded6927710, type: 3}
      propertyPath: m_LocalRotation.y
      value: -0
      objectReference: {fileID: 0}
    - target: {fileID: 4904449235768550, guid: 36cf44945894a42b1b4bafded6927710, type: 3}
      propertyPath: m_LocalRotation.z
      value: -0
      objectReference: {fileID: 0}
    m_RemovedComponents: []
  m_SourcePrefab: {fileID: 100100000, guid: 36cf44945894a42b1b4bafded6927710, type: 3}
--- !u!4 &1259091985 stripped
Transform:
  m_CorrespondingSourceObject: {fileID: 4904449235768550, guid: 36cf44945894a42b1b4bafded6927710,
    type: 3}
  m_PrefabInstance: {fileID: 621924711}
  m_PrefabAsset: {fileID: 0}
--- !u!1001 &1442310882
PrefabInstance:
  m_ObjectHideFlags: 0
  serializedVersion: 2
  m_Modification:
    m_TransformParent: {fileID: 692763369}
    m_Modifications:
    - target: {fileID: 1225700871072202, guid: 36cf44945894a42b1b4bafded6927710, type: 3}
      propertyPath: m_Name
      value: pickUp (4)
      objectReference: {fileID: 0}
    - target: {fileID: 4904449235768550, guid: 36cf44945894a42b1b4bafded6927710, type: 3}
      propertyPath: m_RootOrder
      value: 4
      objectReference: {fileID: 0}
    - target: {fileID: 4904449235768550, guid: 36cf44945894a42b1b4bafded6927710, type: 3}
      propertyPath: m_LocalPosition.x
      value: 28
      objectReference: {fileID: 0}
    - target: {fileID: 4904449235768550, guid: 36cf44945894a42b1b4bafded6927710, type: 3}
      propertyPath: m_LocalPosition.y
      value: 1
      objectReference: {fileID: 0}
    - target: {fileID: 4904449235768550, guid: 36cf44945894a42b1b4bafded6927710, type: 3}
      propertyPath: m_LocalPosition.z
      value: 28
      objectReference: {fileID: 0}
    - target: {fileID: 4904449235768550, guid: 36cf44945894a42b1b4bafded6927710, type: 3}
      propertyPath: m_LocalRotation.w
      value: 1
      objectReference: {fileID: 0}
    - target: {fileID: 4904449235768550, guid: 36cf44945894a42b1b4bafded6927710, type: 3}
      propertyPath: m_LocalRotation.x
      value: 0
      objectReference: {fileID: 0}
    - target: {fileID: 4904449235768550, guid: 36cf44945894a42b1b4bafded6927710, type: 3}
      propertyPath: m_LocalRotation.y
      value: 0
      objectReference: {fileID: 0}
    - target: {fileID: 4904449235768550, guid: 36cf44945894a42b1b4bafded6927710, type: 3}
      propertyPath: m_LocalRotation.z
      value: 0
      objectReference: {fileID: 0}
    - target: {fileID: 4904449235768550, guid: 36cf44945894a42b1b4bafded6927710, type: 3}
      propertyPath: m_LocalEulerAnglesHint.x
      value: 0
      objectReference: {fileID: 0}
    - target: {fileID: 4904449235768550, guid: 36cf44945894a42b1b4bafded6927710, type: 3}
      propertyPath: m_LocalEulerAnglesHint.y
      value: 0
      objectReference: {fileID: 0}
    m_RemovedComponents: []
  m_SourcePrefab: {fileID: 100100000, guid: 36cf44945894a42b1b4bafded6927710, type: 3}
--- !u!1001 &1713796454
PrefabInstance:
  m_ObjectHideFlags: 0
  serializedVersion: 2
  m_Modification:
    m_TransformParent: {fileID: 692763369}
    m_Modifications:
    - target: {fileID: 1225700871072202, guid: 36cf44945894a42b1b4bafded6927710, type: 3}
      propertyPath: m_Name
      value: pickUp (5)
      objectReference: {fileID: 0}
    - target: {fileID: 4904449235768550, guid: 36cf44945894a42b1b4bafded6927710, type: 3}
      propertyPath: m_RootOrder
      value: 5
      objectReference: {fileID: 0}
    - target: {fileID: 4904449235768550, guid: 36cf44945894a42b1b4bafded6927710, type: 3}
      propertyPath: m_LocalPosition.x
      value: -28
      objectReference: {fileID: 0}
    - target: {fileID: 4904449235768550, guid: 36cf44945894a42b1b4bafded6927710, type: 3}
      propertyPath: m_LocalPosition.y
      value: 1
      objectReference: {fileID: 0}
    - target: {fileID: 4904449235768550, guid: 36cf44945894a42b1b4bafded6927710, type: 3}
      propertyPath: m_LocalPosition.z
      value: 28
      objectReference: {fileID: 0}
    - target: {fileID: 4904449235768550, guid: 36cf44945894a42b1b4bafded6927710, type: 3}
      propertyPath: m_LocalRotation.w
      value: 1
      objectReference: {fileID: 0}
    - target: {fileID: 4904449235768550, guid: 36cf44945894a42b1b4bafded6927710, type: 3}
      propertyPath: m_LocalRotation.x
      value: 0
      objectReference: {fileID: 0}
    - target: {fileID: 4904449235768550, guid: 36cf44945894a42b1b4bafded6927710, type: 3}
      propertyPath: m_LocalRotation.y
      value: 0
      objectReference: {fileID: 0}
    - target: {fileID: 4904449235768550, guid: 36cf44945894a42b1b4bafded6927710, type: 3}
      propertyPath: m_LocalRotation.z
      value: 0
      objectReference: {fileID: 0}
    - target: {fileID: 4904449235768550, guid: 36cf44945894a42b1b4bafded6927710, type: 3}
      propertyPath: m_LocalEulerAnglesHint.x
      value: 0
      objectReference: {fileID: 0}
    - target: {fileID: 4904449235768550, guid: 36cf44945894a42b1b4bafded6927710, type: 3}
      propertyPath: m_LocalEulerAnglesHint.y
      value: 0
      objectReference: {fileID: 0}
    m_RemovedComponents: []
  m_SourcePrefab: {fileID: 100100000, guid: 36cf44945894a42b1b4bafded6927710, type: 3}
--- !u!4 &1740844582 stripped
Transform:
  m_CorrespondingSourceObject: {fileID: 4904449235768550, guid: 36cf44945894a42b1b4bafded6927710,
    type: 3}
  m_PrefabInstance: {fileID: 920743423}
  m_PrefabAsset: {fileID: 0}
--- !u!4 &1797631068 stripped
Transform:
  m_CorrespondingSourceObject: {fileID: 496134, guid: ea911c9094df84f7a9ded4a6dea5099f,
    type: 3}
  m_PrefabInstance: {fileID: 1887918140}
  m_PrefabAsset: {fileID: 0}
--- !u!1 &1813402760
GameObject:
  m_ObjectHideFlags: 0
  m_CorrespondingSourceObject: {fileID: 0}
  m_PrefabInstance: {fileID: 0}
  m_PrefabAsset: {fileID: 0}
  serializedVersion: 6
  m_Component:
  - component: {fileID: 1813402762}
  - component: {fileID: 1813402761}
  m_Layer: 0
  m_Name: _Scripts
  m_TagString: Untagged
  m_Icon: {fileID: 0}
  m_NavMeshLayer: 0
  m_StaticEditorFlags: 0
  m_IsActive: 1
--- !u!114 &1813402761
MonoBehaviour:
  m_ObjectHideFlags: 0
  m_CorrespondingSourceObject: {fileID: 0}
  m_PrefabInstance: {fileID: 0}
  m_PrefabAsset: {fileID: 0}
  m_GameObject: {fileID: 1813402760}
  m_Enabled: 1
  m_EditorHideFlags: 0
  m_Script: {fileID: 11500000, guid: a165a02b4d3664ccf95e80a29d111b59, type: 3}
  m_Name: 
  m_EditorClassIdentifier: 
  cameras:
  - {fileID: 239880921}
  - {fileID: 1821542060}
  - {fileID: 1085913156}
--- !u!4 &1813402762
Transform:
  m_ObjectHideFlags: 0
  m_CorrespondingSourceObject: {fileID: 0}
  m_PrefabInstance: {fileID: 0}
  m_PrefabAsset: {fileID: 0}
  m_GameObject: {fileID: 1813402760}
  m_LocalRotation: {x: 0, y: 0, z: 0, w: 1}
  m_LocalPosition: {x: 17.109867, y: 11.298169, z: -7.1204863}
  m_LocalScale: {x: 1, y: 1, z: 1}
  m_Children: []
  m_Father: {fileID: 0}
  m_RootOrder: 0
  m_LocalEulerAnglesHint: {x: 0, y: 0, z: 0}
--- !u!1 &1821542056
GameObject:
  m_ObjectHideFlags: 0
  m_CorrespondingSourceObject: {fileID: 0}
  m_PrefabInstance: {fileID: 0}
  m_PrefabAsset: {fileID: 0}
  serializedVersion: 6
  m_Component:
  - component: {fileID: 1821542061}
  - component: {fileID: 1821542060}
  - component: {fileID: 1821542059}
  - component: {fileID: 1821542057}
  m_Layer: 0
  m_Name: Camera_Top
  m_TagString: MainCamera
  m_Icon: {fileID: 0}
  m_NavMeshLayer: 0
  m_StaticEditorFlags: 0
  m_IsActive: 1
--- !u!81 &1821542057
AudioListener:
  m_ObjectHideFlags: 0
  m_CorrespondingSourceObject: {fileID: 0}
  m_PrefabInstance: {fileID: 0}
  m_PrefabAsset: {fileID: 0}
  m_GameObject: {fileID: 1821542056}
  m_Enabled: 1
--- !u!124 &1821542059
Behaviour:
  m_ObjectHideFlags: 0
  m_CorrespondingSourceObject: {fileID: 0}
  m_PrefabInstance: {fileID: 0}
  m_PrefabAsset: {fileID: 0}
  m_GameObject: {fileID: 1821542056}
  m_Enabled: 1
--- !u!20 &1821542060
Camera:
  m_ObjectHideFlags: 0
  m_CorrespondingSourceObject: {fileID: 0}
  m_PrefabInstance: {fileID: 0}
  m_PrefabAsset: {fileID: 0}
  m_GameObject: {fileID: 1821542056}
  m_Enabled: 1
  serializedVersion: 2
  m_ClearFlags: 2
  m_BackGroundColor: {r: 0.19215687, g: 0.3019608, b: 0.4745098, a: 0.019607844}
  m_projectionMatrixMode: 1
  m_GateFitMode: 2
  m_FOVAxisMode: 0
  m_SensorSize: {x: 36, y: 24}
  m_LensShift: {x: 0, y: 0}
  m_FocalLength: 50
  m_NormalizedViewPortRect:
    serializedVersion: 2
    x: 0
    y: 0
    width: 1
    height: 1
  near clip plane: 0.3
  far clip plane: 1000
  field of view: 60
  orthographic: 0
  orthographic size: 5
  m_Depth: 0
  m_CullingMask:
    serializedVersion: 2
    m_Bits: 4294967295
  m_RenderingPath: -1
  m_TargetTexture: {fileID: 0}
  m_TargetDisplay: 0
  m_TargetEye: 3
  m_HDR: 0
  m_AllowMSAA: 1
  m_AllowDynamicResolution: 0
  m_ForceIntoRT: 0
  m_OcclusionCulling: 1
  m_StereoConvergence: 10
  m_StereoSeparation: 0.022
--- !u!4 &1821542061
Transform:
  m_ObjectHideFlags: 0
  m_CorrespondingSourceObject: {fileID: 0}
  m_PrefabInstance: {fileID: 0}
  m_PrefabAsset: {fileID: 0}
  m_GameObject: {fileID: 1821542056}
  m_LocalRotation: {x: 0.7071068, y: 0, z: 0, w: 0.7071068}
  m_LocalPosition: {x: 0, y: 109.8, z: 0}
  m_LocalScale: {x: 1, y: 1, z: 1}
  m_Children: []
  m_Father: {fileID: 117213813}
  m_RootOrder: 0
  m_LocalEulerAnglesHint: {x: 90, y: 0, z: 0}
--- !u!1001 &1824999870
PrefabInstance:
  m_ObjectHideFlags: 0
  serializedVersion: 2
  m_Modification:
    m_TransformParent: {fileID: 692763369}
    m_Modifications:
    - target: {fileID: 1225700871072202, guid: 36cf44945894a42b1b4bafded6927710, type: 3}
      propertyPath: m_Name
      value: pickUp (2)
      objectReference: {fileID: 0}
    - target: {fileID: 4904449235768550, guid: 36cf44945894a42b1b4bafded6927710, type: 3}
      propertyPath: m_RootOrder
      value: 2
      objectReference: {fileID: 0}
    - target: {fileID: 4904449235768550, guid: 36cf44945894a42b1b4bafded6927710, type: 3}
      propertyPath: m_LocalPosition.x
      value: 0
      objectReference: {fileID: 0}
    - target: {fileID: 4904449235768550, guid: 36cf44945894a42b1b4bafded6927710, type: 3}
      propertyPath: m_LocalPosition.y
      value: 1
      objectReference: {fileID: 0}
    - target: {fileID: 4904449235768550, guid: 36cf44945894a42b1b4bafded6927710, type: 3}
      propertyPath: m_LocalPosition.z
      value: 40
      objectReference: {fileID: 0}
    - target: {fileID: 4904449235768550, guid: 36cf44945894a42b1b4bafded6927710, type: 3}
      propertyPath: m_LocalRotation.w
      value: 1
      objectReference: {fileID: 0}
    - target: {fileID: 4904449235768550, guid: 36cf44945894a42b1b4bafded6927710, type: 3}
      propertyPath: m_LocalRotation.x
      value: -0
      objectReference: {fileID: 0}
    - target: {fileID: 4904449235768550, guid: 36cf44945894a42b1b4bafded6927710, type: 3}
      propertyPath: m_LocalRotation.y
      value: -0
      objectReference: {fileID: 0}
    - target: {fileID: 4904449235768550, guid: 36cf44945894a42b1b4bafded6927710, type: 3}
      propertyPath: m_LocalRotation.z
      value: -0
      objectReference: {fileID: 0}
    m_RemovedComponents: []
  m_SourcePrefab: {fileID: 100100000, guid: 36cf44945894a42b1b4bafded6927710, type: 3}
--- !u!1 &1847140542 stripped
GameObject:
  m_CorrespondingSourceObject: {fileID: 101480, guid: ea911c9094df84f7a9ded4a6dea5099f,
    type: 3}
  m_PrefabInstance: {fileID: 1887918140}
  m_PrefabAsset: {fileID: 0}
--- !u!114 &1847140547
MonoBehaviour:
  m_ObjectHideFlags: 0
  m_CorrespondingSourceObject: {fileID: 0}
  m_PrefabInstance: {fileID: 0}
  m_PrefabAsset: {fileID: 0}
  m_GameObject: {fileID: 1847140542}
  m_Enabled: 1
  m_EditorHideFlags: 0
  m_Script: {fileID: 11500000, guid: 5b4e5bd56b01644c6bc06f0ef8e836c8, type: 3}
  m_Name: 
  m_EditorClassIdentifier: 
  countText: {fileID: 1199578239}
--- !u!1001 &1887918140
PrefabInstance:
  m_ObjectHideFlags: 0
  serializedVersion: 2
  m_Modification:
    m_TransformParent: {fileID: 0}
    m_Modifications:
    - target: {fileID: 101480, guid: ea911c9094df84f7a9ded4a6dea5099f, type: 3}
      propertyPath: m_Name
      value: car
      objectReference: {fileID: 0}
    - target: {fileID: 101480, guid: ea911c9094df84f7a9ded4a6dea5099f, type: 3}
      propertyPath: m_IsActive
      value: 1
      objectReference: {fileID: 0}
    - target: {fileID: 404342, guid: ea911c9094df84f7a9ded4a6dea5099f, type: 3}
      propertyPath: m_RootOrder
      value: 1
      objectReference: {fileID: 0}
    - target: {fileID: 405496, guid: ea911c9094df84f7a9ded4a6dea5099f, type: 3}
      propertyPath: m_RootOrder
      value: 2
      objectReference: {fileID: 0}
    - target: {fileID: 431744, guid: ea911c9094df84f7a9ded4a6dea5099f, type: 3}
      propertyPath: m_RootOrder
      value: 5
      objectReference: {fileID: 0}
    - target: {fileID: 435162, guid: ea911c9094df84f7a9ded4a6dea5099f, type: 3}
      propertyPath: m_RootOrder
      value: 2
      objectReference: {fileID: 0}
    - target: {fileID: 435162, guid: ea911c9094df84f7a9ded4a6dea5099f, type: 3}
      propertyPath: m_LocalPosition.x
      value: 40
      objectReference: {fileID: 0}
    - target: {fileID: 435162, guid: ea911c9094df84f7a9ded4a6dea5099f, type: 3}
      propertyPath: m_LocalPosition.y
      value: 0.2
      objectReference: {fileID: 0}
    - target: {fileID: 435162, guid: ea911c9094df84f7a9ded4a6dea5099f, type: 3}
      propertyPath: m_LocalPosition.z
      value: -10
      objectReference: {fileID: 0}
    - target: {fileID: 435162, guid: ea911c9094df84f7a9ded4a6dea5099f, type: 3}
      propertyPath: m_LocalRotation.w
      value: 1
      objectReference: {fileID: 0}
    - target: {fileID: 435162, guid: ea911c9094df84f7a9ded4a6dea5099f, type: 3}
      propertyPath: m_LocalRotation.x
      value: 0
      objectReference: {fileID: 0}
    - target: {fileID: 435162, guid: ea911c9094df84f7a9ded4a6dea5099f, type: 3}
      propertyPath: m_LocalRotation.y
      value: 0
      objectReference: {fileID: 0}
    - target: {fileID: 435162, guid: ea911c9094df84f7a9ded4a6dea5099f, type: 3}
      propertyPath: m_LocalRotation.z
      value: 0
      objectReference: {fileID: 0}
    - target: {fileID: 436590, guid: ea911c9094df84f7a9ded4a6dea5099f, type: 3}
      propertyPath: m_RootOrder
      value: 3
      objectReference: {fileID: 0}
    - target: {fileID: 452042, guid: ea911c9094df84f7a9ded4a6dea5099f, type: 3}
      propertyPath: m_RootOrder
      value: 4
      objectReference: {fileID: 0}
    - target: {fileID: 477650, guid: ea911c9094df84f7a9ded4a6dea5099f, type: 3}
      propertyPath: m_RootOrder
      value: 6
      objectReference: {fileID: 0}
    m_RemovedComponents: []
  m_SourcePrefab: {fileID: 100100000, guid: ea911c9094df84f7a9ded4a6dea5099f, type: 3}
--- !u!4 &2041282497 stripped
Transform:
  m_CorrespondingSourceObject: {fileID: 4904449235768550, guid: 36cf44945894a42b1b4bafded6927710,
    type: 3}
  m_PrefabInstance: {fileID: 1144886356}
  m_PrefabAsset: {fileID: 0}
--- !u!1001 &2127516672
PrefabInstance:
  m_ObjectHideFlags: 0
  serializedVersion: 2
  m_Modification:
    m_TransformParent: {fileID: 692763369}
    m_Modifications:
    - target: {fileID: 1225700871072202, guid: 36cf44945894a42b1b4bafded6927710, type: 3}
      propertyPath: m_Name
      value: pickUp (6)
      objectReference: {fileID: 0}
    - target: {fileID: 4904449235768550, guid: 36cf44945894a42b1b4bafded6927710, type: 3}
      propertyPath: m_RootOrder
      value: 6
      objectReference: {fileID: 0}
    - target: {fileID: 4904449235768550, guid: 36cf44945894a42b1b4bafded6927710, type: 3}
      propertyPath: m_LocalPosition.x
      value: -28
      objectReference: {fileID: 0}
    - target: {fileID: 4904449235768550, guid: 36cf44945894a42b1b4bafded6927710, type: 3}
      propertyPath: m_LocalPosition.y
      value: 1
      objectReference: {fileID: 0}
    - target: {fileID: 4904449235768550, guid: 36cf44945894a42b1b4bafded6927710, type: 3}
      propertyPath: m_LocalPosition.z
      value: -28
      objectReference: {fileID: 0}
    - target: {fileID: 4904449235768550, guid: 36cf44945894a42b1b4bafded6927710, type: 3}
      propertyPath: m_LocalRotation.w
      value: 1
      objectReference: {fileID: 0}
    - target: {fileID: 4904449235768550, guid: 36cf44945894a42b1b4bafded6927710, type: 3}
      propertyPath: m_LocalRotation.x
      value: 0
      objectReference: {fileID: 0}
    - target: {fileID: 4904449235768550, guid: 36cf44945894a42b1b4bafded6927710, type: 3}
      propertyPath: m_LocalRotation.y
      value: 0
      objectReference: {fileID: 0}
    - target: {fileID: 4904449235768550, guid: 36cf44945894a42b1b4bafded6927710, type: 3}
      propertyPath: m_LocalRotation.z
      value: 0
      objectReference: {fileID: 0}
    - target: {fileID: 4904449235768550, guid: 36cf44945894a42b1b4bafded6927710, type: 3}
      propertyPath: m_LocalEulerAnglesHint.x
      value: 0
      objectReference: {fileID: 0}
    - target: {fileID: 4904449235768550, guid: 36cf44945894a42b1b4bafded6927710, type: 3}
      propertyPath: m_LocalEulerAnglesHint.y
      value: 0
      objectReference: {fileID: 0}
    m_RemovedComponents: []
  m_SourcePrefab: {fileID: 100100000, guid: 36cf44945894a42b1b4bafded6927710, type: 3}
